@Online{InferringFoodWeb,
  title = {Inferring Food Web Structure from Predatorâ€“Prey Body Size Relationships - {{Gravel}} - 2013 - {{Methods}} in {{Ecology}} and {{Evolution}} - {{Wiley Online Library}}},
  url = {https://besjournals.onlinelibrary.wiley.com/doi/10.1111/2041-210X.12103},
  urldate = {2020-04-20},
  file = {/Users/anubhav/Zotero/storage/CCWEBFGX/2041-210X.html},
}
@Article{gravelInferringFoodWeb2013,
  ids = {gravelInferringFoodWeb2013a,gravelInferringFoodWeb2013b},
  title = {Inferring Food Web Structure from Predator-Prey Body Size Relationships},
  author = {Dominique Gravel and Timoth{\a'e}e Poisot and Camille Albouy and Laure Velez and David Mouillot},
  editor = {Robert Freckleton},
  date = {2013-11},
  journaltitle = {Methods in Ecology and Evolution},
  volume = {4},
  number = {11},
  pages = {1083--1090},
  issn = {2041210X},
  doi = {10.1111/2041-210X.12103},
  url = {http://doi.wiley.com/10.1111/2041-210X.12103},
  urldate = {2018-08-09},
  langid = {english},
  file = {/Users/anubhav/Zotero/storage/BGPAUKFZ/Gravel et al. - 2013 - Inferring food web structure from predator-prey bo.pdf},
}

@Article{gravelInferringFoodWeb2013,
  title = {Inferring Food Web Structure from Predator-Prey Body Size Relationships},
  author = {Dominique Gravel and Timoth{\a'e}e Poisot and Camille Albouy and Laure Velez and David Mouillot},
  editor = {Robert Freckleton},
  date = {2013-11},
  journaltitle = {Methods in Ecology and Evolution},
  volume = {4},
  number = {11},
  pages = {1083--1090},
  issn = {2041210X},
  doi = {10.1111/2041-210X.12103},
  url = {http://doi.wiley.com/10.1111/2041-210X.12103},
  urldate = {2018-08-09},
  langid = {english},
  file = {/Users/anubhav/Zotero/storage/ITKQ3VWI/Gravel et al. - 2013 - Inferring food web structure from predator-prey bo.pdf},
}
